<record><leader>00000cas a22000007a 4500</leader><controlfield tag="001">9870299</controlfield><controlfield tag="008">830901d190519uumnudn ne      0    0eng  </controlfield><datafield ind1=" " ind2=" " tag="010"><subfield code="a">sn 83016498 </subfield></datafield><datafield ind1=" " ind2=" " tag="040"><subfield code="a">DLC</subfield><subfield code="b">eng</subfield><subfield code="c">DLC</subfield><subfield code="d">MN#</subfield><subfield code="d">OCLCQ</subfield><subfield code="d">OCLCF</subfield><subfield code="d">OCLCO</subfield></datafield><datafield ind1=" " ind2=" " tag="042"><subfield code="a">msc</subfield></datafield><datafield ind1=" " ind2=" " tag="043"><subfield code="a">n-us-mn</subfield></datafield><datafield ind1="0" ind2="0" tag="050"><subfield code="a">Newspaper 8445-X</subfield></datafield><datafield ind1=" " ind2=" " tag="052"><subfield code="a">4144</subfield><subfield code="b">A4</subfield></datafield><datafield ind1=" " ind2=" " tag="052"><subfield code="a">4143</subfield><subfield code="b">F7</subfield></datafield><datafield ind1="0" ind2=" " tag="130"><subfield code="a">Evening tribune (Albert Lea, Minn. : 1905)</subfield></datafield><datafield ind1="0" ind2="4" tag="245"><subfield code="a">The Evening tribune.</subfield></datafield><datafield ind1="1" ind2="7" tag="246"><subfield code="a">Albert Lea tribune</subfield></datafield><datafield ind1=" " ind2=" " tag="260"><subfield code="a">Albert Lea, Minn. :</subfield><subfield code="b">Hurley &amp; Co..,</subfield><subfield code="c">1905-1981.</subfield></datafield><datafield ind1=" " ind2=" " tag="300"><subfield code="a">77 v.</subfield></datafield><datafield ind1=" " ind2=" " tag="310"><subfield code="a">Daily (except Saturday), Dec. 22, 1950-Oct. 30, 1981</subfield></datafield><datafield ind1=" " ind2=" " tag="321"><subfield code="a">Daily (except Sunday),</subfield><subfield code="b">May 31, 1905-Oct. 1, 1949</subfield></datafield><datafield ind1=" " ind2=" " tag="321"><subfield code="a">Daily,</subfield><subfield code="b">Oct. 3, 1949-Dec. 21, 1950</subfield></datafield><datafield ind1="0" ind2=" " tag="362"><subfield code="a">Vol. 8, no. 156 (May 31, 1905)-v. 84, no. 257 (Oct. 30, 1981).</subfield></datafield><datafield ind1=" " ind2=" " tag="500"><subfield code="a">June 1, 1949 issue called also "Centennial edition."</subfield></datafield><datafield ind1=" " ind2=" " tag="500"><subfield code="a">On Sunday published as: The Sunday tribune, Oct. 9, 1949-Oct. 25, 1981.</subfield></datafield><datafield ind1=" " ind2=" " tag="530"><subfield code="a">Available on microfilm from the Minnesota Historical Society.</subfield></datafield><datafield ind1=" " ind2="0" tag="651"><subfield code="a">Albert Lea (Minn.)</subfield><subfield code="v">Newspapers.</subfield></datafield><datafield ind1=" " ind2="7" tag="655"><subfield code="a">Newspapers.</subfield><subfield code="2">fast</subfield><subfield code="0">(OCoLC)fst01423814</subfield></datafield><datafield ind1=" " ind2="7" tag="651"><subfield code="a">Minnesota</subfield><subfield code="z">Albert Lea.</subfield><subfield code="2">fast</subfield><subfield code="0">(OCoLC)fst01212828</subfield></datafield><datafield ind1=" " ind2=" " tag="752"><subfield code="a">United States</subfield><subfield code="b">Minnesota</subfield><subfield code="c">Freeborn</subfield><subfield code="d">Albert Lea.</subfield></datafield><datafield ind1="0" ind2=" " tag="775"><subfield code="t">Weekly tribune (Albert Lea, Minn. : Semiweekly)</subfield></datafield><datafield ind1="0" ind2=" " tag="775"><subfield code="t">Semi-weekly tribune</subfield><subfield code="w">(DLC)sn 89064355</subfield></datafield><datafield ind1="0" ind2="0" tag="780"><subfield code="t">Albert Lea evening tribune (Albert Lea, Minn. : 1899)</subfield><subfield code="w">(DLC)sn 89064350</subfield></datafield><datafield ind1="0" ind2="0" tag="785"><subfield code="t">Albert Lea evening tribune (Albert Lea, Minn. : 1981)</subfield><subfield code="w">(DLC)sn 89064351</subfield></datafield></record>